@article{DOBKIN201448,
title = "Are supply-side drug control efforts effective? Evaluating OTC regulations targeting methamphetamine precursors",
journal = "Journal of Public Economics",
volume = "120",
pages = "48 - 61",
year = "2014",
issn = "0047-2727",
doi = "https://doi.org/10.1016/j.jpubeco.2014.07.011",
url = "http://www.sciencedirect.com/science/article/pii/S0047272714001789",
author = "Carlos Dobkin and Nancy Nicosia and Matthew Weinberg",
}


@techreport{Abadie2017,
 title = "When Should You Adjust Standard Errors for Clustering?",
 author = "Abadie, Alberto and Athey, Susan and Imbens, Guido W and Wooldridge, Jeffrey",
 institution = "National Bureau of Economic Research",
 type = "Working Paper",
 series = "Working Paper Series",
 number = "24003",
 year = "2017",
 month = "November",
 doi = {10.3386/w24003},
 URL = "http://www.nber.org/papers/w24003",
}